<record><leader>00000cas a2200000 a 4500</leader><controlfield tag="001">10079763</controlfield><controlfield tag="008">831101d18481853msuwr ne      0   a0eng  </controlfield><datafield ind1=" " ind2=" " tag="010"><subfield code="a">sn 83016735 </subfield></datafield><datafield ind1=" " ind2=" " tag="040"><subfield code="a">DLC</subfield><subfield code="b">eng</subfield><subfield code="c">DLC</subfield><subfield code="d">NPX</subfield><subfield code="d">CRL</subfield><subfield code="d">DLC</subfield><subfield code="d">OCLCQ</subfield><subfield code="d">OCLCF</subfield><subfield code="d">DLC</subfield></datafield><datafield ind1="0" ind2=" " tag="022"><subfield code="a">2470-2250</subfield><subfield code="2">1</subfield></datafield><datafield ind1=" " ind2=" " tag="042"><subfield code="a">pcc</subfield><subfield code="a">nsdp</subfield></datafield><datafield ind1=" " ind2=" " tag="043"><subfield code="a">n-us-ms</subfield></datafield><datafield ind1="0" ind2="0" tag="050"><subfield code="a">Newspaper</subfield></datafield><datafield ind1="1" ind2="0" tag="082"><subfield code="a">071</subfield><subfield code="2">23</subfield></datafield><datafield ind1="0" ind2=" " tag="130"><subfield code="a">Weekly independent (Aberdeen, Miss.)</subfield></datafield><datafield ind1=" " ind2="4" tag="222"><subfield code="a">The weekly independent</subfield><subfield code="b">(Aberdeen, Miss. Print)</subfield></datafield><datafield ind1="1" ind2="4" tag="245"><subfield code="a">The weekly independent.</subfield></datafield><datafield ind1="1" ind2="6" tag="246"><subfield code="a">Independent</subfield></datafield><datafield ind1=" " ind2=" " tag="260"><subfield code="a">Aberdeen, Miss :</subfield><subfield code="b">A. Marschalk,</subfield><subfield code="c">1848-</subfield></datafield><datafield ind1=" " ind2=" " tag="300"><subfield code="a">v. ;</subfield><subfield code="c">61 cm.</subfield></datafield><datafield ind1=" " ind2=" " tag="310"><subfield code="a">Weekly</subfield></datafield><datafield ind1="0" ind2=" " tag="362"><subfield code="a">Vol. 3, no. 42 (Jan. 8, 1848)-</subfield></datafield><datafield ind1="1" ind2=" " tag="362"><subfield code="a">Ceased in Dec. 1853.</subfield><subfield code="z">Cf. NIM.</subfield></datafield><datafield ind1=" " ind2=" " tag="500"><subfield code="a">Publishers: Giles M. Hillyer, &lt;1849-1850&gt;; Dewitt C. Greenwood, &lt;Dec. 21, 1850-Dec. 18, 1852&gt;; Vesey &amp; Peebles, &lt;Jan. 8, 1853-Dec. 10, 1853&gt;</subfield></datafield><datafield ind1=" " ind2=" " tag="500"><subfield code="a">"Whig."</subfield></datafield><datafield ind1=" " ind2=" " tag="500"><subfield code="a">Editors: Giles M. Hillyer, &lt;1849-1850&gt;; Dewitt C. Greenwood, &lt;Dec. 21, 1850-Dec. 18, 1852&gt;; Vesey &amp; Peebles, &lt;Jan. 8, 1853-Dec. 10, 1853&gt;</subfield></datafield><datafield ind1=" " ind2=" " tag="515"><subfield code="a">Issues for &lt;Dec. 21, 1850-Dec. 10, 1853&gt; called also: whole no. &lt;347-502&gt;</subfield></datafield><datafield ind1=" " ind2=" " tag="530"><subfield code="a">Also issued on microfilm from UMI.</subfield></datafield><datafield ind1=" " ind2=" " tag="530"><subfield code="a">Archived issues are available in digital format from the Library of Congress Chronicling America online collection.</subfield></datafield><datafield ind1=" " ind2=" " tag="588"><subfield code="a">Latest issue consulted: Vol. 9, no. 34 (Dec. 10, 1853).</subfield></datafield><datafield ind1=" " ind2="0" tag="651"><subfield code="a">Aberdeen (Miss.)</subfield><subfield code="v">Newspapers.</subfield></datafield><datafield ind1=" " ind2="7" tag="651"><subfield code="a">Mississippi</subfield><subfield code="z">Aberdeen.</subfield><subfield code="2">fast</subfield><subfield code="0">(OCoLC)fst01219908</subfield></datafield><datafield ind1=" " ind2="7" tag="655"><subfield code="a">Newspapers.</subfield><subfield code="2">fast</subfield><subfield code="0">(OCoLC)fst01423814</subfield></datafield><datafield ind1=" " ind2=" " tag="752"><subfield code="a">United States</subfield><subfield code="b">Mississippi</subfield><subfield code="c">Monroe</subfield><subfield code="d">Aberdeen.</subfield></datafield><datafield ind1="0" ind2="8" tag="776"><subfield code="i">Online version:</subfield><subfield code="t">Weekly independent (Aberdeen, Miss.)</subfield><subfield code="x">2470-2269</subfield><subfield code="w">(DLC)  2015270760</subfield><subfield code="w">(OCoLC)933758868</subfield></datafield><datafield ind1="0" ind2="0" tag="780"><subfield code="t">Aberdeen bee</subfield></datafield><datafield ind1="0" ind2="0" tag="785"><subfield code="t">Weekly conservative</subfield><subfield code="w">(DLC)sn 86074026</subfield><subfield code="w">(OCoLC)14403888</subfield></datafield><datafield ind1="4" ind2="1" tag="856"><subfield code="u">http://www.loc.gov/chroniclingamerica/lccn/sn83016735/issues</subfield></datafield><datafield ind1="1" ind2=" " tag="029"><subfield code="a">AU@</subfield><subfield code="b">000025839692</subfield></datafield></record>